@inproceedings{Golenkov2019,
    author = "V. Golenkov and N. Guliakina and I. Davydenko and A. Eremeev",
    title = "Methods and tools for ensuring compatibility of computer systems",
    booktitle ="Open semantic technologies for intelligent systems",
    editor = "V. Golenkov",
    publisher = "BSUIR, Minsk",
    series   = {4},
    year = "2019",
    pages = "25-52",
    language={english},
    hyphenation={english},
    shorthand = "GolenkovMethodsTECCS2019"
}

@inproceedings{Davydenko2018,
    author = "I. Davydenko",
    title = "Semantic models, method and tools of knowledge bases coordinated development based on reusable components",
    booktitle = "Open semantic technologies for intelligent systems",
    editor = "V. Golenkov",
    publisher = "BSUIR, Minsk",
    series   = {2},
    year = "2018",
    pages = "99-118"
}

@inproceedings{Shunkevich2018,
    author = "D. Shunkevich",
    title = "Agent-oriented models, method and tools of compatible problem solvers development for intelligent systems",
    booktitle ="Open semantic technologies for intelligent systems",
    editor = "V. Golenkov",
    publisher = "BSUIR, Minsk",
    series   = {2},
    year = "2018",
    pages = "119-132",
    shorthand = "ShunkevichAgentOMMTCPSDIS2018"
}

@Article{Gribova2015a,
  author   = {В. В. Грибова and А. С. Клещев and Д. А. Крылов and Ф. М. Москаленко and В. А. Тимченко and Е. А. Шалфеева},
  title    = {Базовая технология разработки интеллектуальных сервисов на облачной платформе {IACP}aa{S}. Ч. 1. Разработка базы знаний и решателя задач},
  journal  = {Програм. инженерия},
  year     = {2015},
  number   = {12},
  pages    = {3-11},
  language = {russian},
}